@article{dx12_2,
   author   =  {{Piotr Piwowarczyk}},
   title    =  "Microsoft DirectX 12 Feature Level 12\_2 - nowa wersja funkcji API \url{https://www.purepc.pl/microsoft-directx-12-feature-level-12-2-nowa-wersja-funkcji-api}",
   urldate  =  "2020-11-02",
}

@article{dx12_2,
    author = {{Wikipedia}},
    title = "Cave automatic virtual environment \url{https://en.wikipedia.org/wiki/Cave_automatic_virtual_environment}",
    urldate = "28.03.2025" ,
}
